@string{jpe = "Journal of Political Economy"}
@string{qje = "Quarterly Journal of Economics"}
@string{aer = "American Economic Review"}
@string{aerpp = "American Economic Association Papers and
Proceedings"}
@string{ema = "Econometrica"}
@string{jeg = "Journal of Economic Growth"}
@string{ej = "Economic Journal"}
@string{jme = "Journal of Monetary Economics"}
@string{jel = "Journal of Economic Literature"}
@string{jep = "Journal of Economic Perspectives"}
@string{restud = "Review of Economic Studies"}
@string{restat = "Review of Economics and Statistics"}
@string{bpea  = "Brookings Papers on Economic Activity"}
@string{rand = "RAND Journal of Economics"}
@string{eer  = "European Economic Review"}
@string{jee = "Journal of Evolutionary Economics"}
@string{jeh = "Journal of Economic History"}
@string{conroc = "Carnegie Rochester Conference Series on Public
                  Policy"}


@ARTICLE{bates1969,
  author =       {J. M. Bates and Clive W. J. Granger},
  title =        {The Combination of Forecasts},
  journal =      {Operations Research Quarterly},
  year =         {1969},
  volume =       {20},
  pages =        {451-68}
}


@UNPUBLISHED{blaschke2001,
  AUTHOR =       "W. Blaschke and M. T. Jones and G. Majnoni and S.M. Peria",
  TITLE =        "Stress Testing of Financial Systems: an Overview of Issues, Methodologies, and FSAP Experiences",
  NOTE =         "IMF Working Paper, 1",
  year =         "2001"
}

@ARTICLE{bellotti2009,
  author =       {T. Bellotti and Jonathan Crook},
  title =        {Credit Scoring with Macroeconomic Variables Using Survival Analysis},
  journal =      {Journal of the Operations Research Society},
  year =         {2009},
  volume =       {60},
  number =       {12},
  pages = {1699-1707}
}

@UNPUBLISHED{ccar2012,
  AUTHOR =       "{Board of Governors of the Federal Reserve System}",
  year  = "2011",
  TITLE =        "Comprehensive Capital Analysis and Review 2012: Methodology and Results for Stress Scenario Projections"
}
@UNPUBLISHED{bunn2005,
  AUTHOR =       "P. Bunn, and M. Drehmann and A. Cunnigham",
  TITLE =        "Stress Testing as a Tool for Assessing Systemic Risk",
  NOTE =         "Bank of England Financial Stability Review",
  year =         "2005"
}

@ARTICLE{clark2007,
  author =       {Todd Clark and Kenneth West},
  title =        {Approximately Normal Tests for Equal Predictive Accuracy in Nested Models},
  journal =      {Journal of Econometrics},
  year =         {2007},
  volume =       {138},
  pages =        {291-311}
}

@UNPUBLISHED{covas2012,
  AUTHOR =       "Francisco Covas and Ben Rump and Egon Zakrajsek",
  TITLE =        "Stress-Testing U.S. Bank Holding Companies: A Dynamic Panel Quantile Regression Approach",
  NOTE =         "Mimeo, Federal Reserve Board",
  year =         "2012"
}


@ARTICLE{crook2012,
  author =       {Jonathan Crook and John Banasik},
  title =        {Forecasting and Explaining Aggregate Consumer Credit Delinquency Behaviour},
  journal =      {International Journal of Forecasting},
  year =         {2012},
  volume =       {28},
  pages =        {145-160}
}

@ARTICLE{estrella1991,
  author =       {Arturo Estrella and Gikas A. Hardouvelis},
  title =        {The Term Structure as Predictor of Real Economic Activity},
  journal =      {Journal of Finance},
  year =         {1991},
  volume =       {46},
  number =       {2},
  pages =        {555-576}
}

@ARTICLE{estrella1998,
  author =       {Arturo Estrella and Frederic Mishkin},
  title =        {Predicting U.S. Recessions: Financial Variables as Leading Indicators},
  journal =      {Review of Economics and Statistics},
  year =         {1998},
  volume =       {80},
  number =       {1},
  pages =        {45-61}
}

@ARTICLE{faust2008,
  author =       {Jon Faust and Jonathan Wright},
  title =        {Comparing Greenbook and Reduced Form Forecasts using a Large Realtime Dataset},
  journal =      {Journal of Business and Economic Statistics},
  year =         {2008},
  volume =       {146},
  pages =        {293-303}
}


@ARTICLE{jin2011,
  author =       {Justin Y. Jin and Kiridaran Kanagaretnam and Gerald J. Lobo},
  title =        {Ability of Accounting and Audit Quality Variables to Predict Bank Failure During the Financial Crisis},
  journal =      {Journal of Banking and Finance},
  year =         {2011},
  volume =       {35},
  number =       {11},
  pages = {2811-19}
}

@UNPUBLISHED{kalirai2002,
  AUTHOR =       "H. Kalirai and M. Schleicher",
  TITLE =        "Macroeconomic Stess Testing: Preliminary Evidence from Austria",
  NOTE =         "OENB Financial Stability Report number 3",
  year =         "2002"
}


@ARTICLE{meese1983,
  author =       {Richard A. Meese and Kenneth Rogoff},
  title =        {Empirical Exchange Rate Models of the Seventies: Do They Fit Our of Sample},
  journal =      {Journal of International Economics},
  year =         {1983},
  volume =       {14},
  pages = {3-24}
}


@PROCEEDINGS{quagliariello2009,
  editor =       {Mario Quagliariello},
  TITLE =        {Stress-Testing the Banking System},
  PUBLISHER =    {Cambridge University Press},
  YEAR =         {2009}
}



@ARTICLE{stock2004,
  author =       {James H. Stock and Mark W. Watson},
  title =        {Combination forecasts of output growth in a seven-country data set},
  journal =      {Journal of Forecasting},
  year =         {2004},
  volume =       {23},
  number =       {6},
  pages = {405-430}
}
